% This file was created with JabRef 2.10b2.
% Encoding: UTF-8


@PHDTHESIS{Z11,
  author = {Sebastian Ernst Zug},
  title = {Architektur für verteilte, fehlertolerante Sensor-Aktor-Systeme},
  school = {Otto-von-Guericke-Universität Magdeburg},
  year = {2011},
  file = {:Architektur für verteilte, fehlertolerante Sensor-Aktor-Systeme_von Sebastian Ernst Zug.pdf:PDF},
  owner = {georg},
  timestamp = {2013.09.04},
  url = {http://edoc2.bibliothek.uni-halle.de/hs/content/titleinfo/20249}
}

